<?xml version="1.0" encoding="UTF-8"?><collection xmlns="http://www.loc.gov/MARC21/slim"><record><leader>00509nam--2200193-i-4500</leader><controlfield tag="001">000011076</controlfield><controlfield tag="002">20161230</controlfield><controlfield tag="005">20161230201029</controlfield><controlfield tag="008">060222s1000------------r-----000-0-eng-d</controlfield><datafield ind1=" " ind2=" " tag="020"><subfield code="a">0824760433</subfield></datafield><datafield ind1=" " ind2=" " tag="040"><subfield code="a">IFIN-HH</subfield></datafield><datafield ind1=" " ind2=" " tag="080"><subfield code="a">535.853</subfield></datafield><datafield ind1="1" ind2=" " tag="100"><subfield code="a">Brame, Edward G., Jr</subfield></datafield><datafield ind1="1" ind2="0" tag="245"><subfield code="a">Applied spectroscopy reviews</subfield><subfield code="c">EDWARD G. BRAME, JR. (Ed.)</subfield></datafield><datafield ind1=" " ind2=" " tag="260"><subfield code="a">New York</subfield><subfield code="b">Marcel Dekker, Inc</subfield></datafield><datafield ind1=" " ind2=" " tag="300"><subfield code="a">6 VOLUME</subfield></datafield><datafield ind1="0" ind2=" " tag="787"><subfield code="a">Volume 6</subfield><subfield code="d">1973</subfield><subfield code="h">375p</subfield></datafield><datafield ind1=" " ind2=" " tag="852"><subfield code="a">30616</subfield><subfield code="c">535.33</subfield></datafield><datafield ind1=" " ind2=" " tag="CAT"><subfield code="a">Sys</subfield><subfield code="c">20101203</subfield><subfield code="h">121105</subfield></datafield></record></collection>